% This file was created with JabRef 2.11.1.
% Encoding: UTF8


@Article{Sinev_Ryabov_Tinyakov_nano2011,
  title                    = {Коэффициентные напряжения при электростатическом соединении кремния со стеклом},
  author                   = {Синев, Леонид Станиславович and Рябов, Владимир Тимофеевич and Тиняков, Юрий Николаевич},
  addendum                 = {(0,36~п.~л. / 0,27~п.~л.)},
  issn                     = {2223-4586},
  language                 = {russian},
  number                   = {2},
  pages                    = {16--19},
  year                     = {2011},
  abstract                 = {Рассмотрены механические напряжения, возникающие в деталях изделий микросистемной техники из стекла и кремния после их соединения электростатическим методом (анодной посадкой), которые возникают из-за разницы их коэффициентов теплового линейного расширения. Представлена аналитическая модель, позволяющая оценить характер изменения коэффициентных напряжений и графически определить температуру проведения соединения, при которой минимизируются напряжения в кремнии и стекле в зоне рабочей температуры прибора. Даны рекомендации по выбору температуры проведения анодной посадки.},
  journal                  = {Наноинженерия}
}

@Article{Sinev_osoben_primen_inzh_vest201408,
  title                    = {Особенности применения электростатического соединения кремния со стеклом в микросистемной технике},
  author                   = {Синев, Леонид Станиславович},
  addendum                 = {(0,37~п.~л.)},
  language                 = {russian},
  number                   = {5},
  pages                    = {501--509},
  url                      = {http://engbul.bmstu.ru/doc/722572.html},
  urldate                  = {2014-08-20},
  year                     = {2014},
  abstract                 = {Эта статья --- обзор технологического процесса электростатического соединения (анодной посадки) и особенностей его применения в разработках микроэлектромеханических систем. Представленнный обзор показывает, что технологический процесс электростатического соединения хорошо зарекомендовал себя. Для соединения полированных поверхностей без топологии он является простым в реализации. В то же время, для сложных конструкций микроэлектромеханических систем, где применяются гибкие подвижные элементы, где требуется обеспечивать соединение вблизи КМОП элементов или использовать герметичные электрические вводы, процесс разработки должен включать оптимизацию конструкции и режимов проведения процесса соединения экспериментальными методами и методами математического моделирования с целью получения наиболее эффективных результатов.},
  journal                  = {Инженерный вестник. {МГТУ} им. Н.~Э.~Баумана. Электрон. журн. Рег. № ФС~77-51036},
  media                    = {eresource},
  publisher                = {{МГТУ} им. Н.~Э.~Баумана}
}

