% This file was created with JabRef 2.11.1.
% Encoding: UTF8


@Article{Sinev_Ryabov_NMST_2011,
  title                    = {Согласование коэффициентов термического расширения при электростатическом соединении кремния со стеклом},
  author                   = {Синев, Леонид Станиславович and Рябов, Владимир Тимофеевич},
  addendum                 = {(0,33~п.~л.~/ 0,28~п.~л.)},
  language                 = {russian},
  number                   = {5},
  pages                    = {24--27},
  year                     = {2011},
  abstract                 = {Рассмотрены напряжения, возникающие в деталях из стекла и кремния после их соединения электростатическим методом из-за разницы их коэффициентов теплового линейного расширения. Представлена аналитическая модель, позволяющая графически определить оптимальную температуру проведения соединения. Даны рекомендации по выбору температуры проведения процесса соединения.},
  journal                  = {Нано- и микросистемная техника}
}

@Article{Sinev_Ryabov_rasch_coef_napr_nmst2014,
  title                    = {Расчет коэффициентных напряжений в соединениях кремния со стеклом},
  author                   = {Синев, Леонид Станиславович and Рябов, Владимир Тимофеевич},
  addendum                 = {(0,42~п.~л. / 0,35~п.~л.)},
  issn                     = {1813-8586},
  language                 = {russian},
  number                   = {9},
  pages                    = {32--37},
  year                     = {2014},
  abstract                 = {Рассмотрены напряжения, возникающие в деталях из стекла и кремния после их соединения электростатическим методом из-за разницы коэффициентов теплового линейного расширения материалов. Представлено описание способа расчета напряжений в сборке в соответствии с теорией слоистых композитов. Приведены расчетные распределения коэффициентных напряжений внутри соединенных материалов разных толщин.},
  journal                  = {Нано- и микросистемная техника},
  keywords                 = {анодная посадка, напряжение, тепловое расширение, электростатическое соединение, anodic bonding, field assisted bonding, stress, thermal expansion}
}

@Article{Sinev_technomag2014,
  title                    = {Оценка механических напряжений в соединенных при повышенной температуре кремнии и стекле},
  author                   = {Синев, Леонид Станиславович},
  addendum                 = {(0,46~п.~л.)},
  doi                      = {10.7463/1214.0745310},
  language                 = {russian},
  number                   = {12},
  pages                    = {951--965},
  url                      = {http://technomag.bmstu.ru/doc/745310.html},
  urldate                  = {2014-12-10},
  year                     = {2014},
  abstract                 = {В статье рассматриваются механические напряжения, вызванные разницей коэффициентов теплового расширения, в электростатически соединённых стекле и кремнии. Для оценки возможностей по снижению таких механических напряжений в работе использовали две модели представления сборки: два тонких соединённых слоя и многослойный композиционный материал. Исходя из свойств двух марок соединяемых стёкол (ЛК5, Borofloat 33) и кремния, на основании описанных моделей рассчитаны значения коэффициентных напряжений при температуре $T_w$ в деталях, соединённых при нескольких разных фиксированных температурах $T_b$. Показано наличие зависимости коэффициентных напряжений на поверхности кремния от соотношения толщин соединённых кремния и стела. Приведены способы применения моделей оценки для оптимизации режима проведения электростатического соединения пластин кремния и стекла с целью минимизации влияния коэффициентных напряжений в диапазоне рабочих температур получаемого прибора.},
  journal                  = {Наука и образование. {МГТУ} им. Н.~Э.~Баумана. Электрон. журн. Рег. № ФС 77-48211},
  media                    = {eresource},
  publisher                = {{МГТУ} им. Н.~Э.~Баумана}
}

@Article{Sinev_Petrov2016_cte_glass,
  title                    = {Температурный коэффициент линейного расширения (в интервале температур от 130 до 800 K) боросиликатных стекол, пригодных для соединения с кремнием в микроэлектронике},
  author                   = {Синев, Леонид Станиславович and Петров, Иван Дмитриевич},
  date                     = {2016},
  journaltitle             = {Стекло и керамика},
  addendum                 = {(0,24~п.~л. / 0,18~п.~л.)},
  issn                     = {0131-9582},
  language                 = {russian},
  number                   = {1},
  pages                    = {35--38},
  abstract                 = {Представлены результаты обработки измерений ТКЛР и относительного удлинения боросиликатных стекол двух марок --- ЛК5 и Borofloat 33. Термомеханическим анализатором TMA7100 было измерено удлинение образцов стекла в интервале температур от 130 до 800 К (от $-$143 до +526 ${}^\circ$C). Относительная погрешность косвенных измерений ТКЛР и относительного теплового удлинения стекол обеих марок не превышает $\pm$5 и $\pm$3 \% соответственно. Представлены полиномиальные уравнения, аппроксимирующие полученные результаты измерений в зависимости от температуры. Полученные результаты облегчат задачи моделирования характеристик приборов микросистемной техники, изготавливаемых с применением анодной посадки кремния на стекло, а также их можно использовать для оптимизации температурного режима соединения кремния со стеклом.}
}

@comment{jabref-meta: selector_language:english;russian;}

