% This file was created with JabRef 2.11.1.
% Encoding: UTF8


@InProceedings{sinev2008molodezh,
  title                    = {Использование технологии электростатического соединения кремния со стеклом при разработке МЭМС},
  author                   = {Синев, Леонид Станиславович},
  booktitle                = {Молодежь в науке},
  addendum                 = {(0,37~п.~л.)},
  booktitleaddon           = {Сб. докл. 7-й науч.-техн. конференции},
  eventdate                = {2008-10-28/2008-10-30},
  language                 = {russian},
  pages                    = {560--563},
  publisher                = {ФГУП <<РФЯЦ-ВНИИЭФ>>},
  venue                    = {Саров},
  year                     = {2008},
  address                  = {Саров}
}

@InProceedings{sinev2010otsenka_vniia,
  title                    = {Оценка коэффициентных напряжений при электростатическом соединении кремния со стеклом},
  author                   = {Синев, Леонид Станиславович},
  booktitle                = {IV научно-техническая конференция молодых ученых <<ВНИИА-2010>>},
  addendum                 = {(0,29~п.~л.)},
  booktitleaddon           = {Сб. докл.},
  eventdate                = {2010-03-02/2010-03-19},
  language                 = {russian},
  pages                    = {252--259},
  publisher                = {Изд-во ВНИИА},
  year                     = {2010},
  address                  = {М.}
}

@InProceedings{sinev2013primenenie_vniia,
  title                    = {Применение технологии электростатического соединения при создании МЭМС},
  author                   = {Синев, Леонид Станиславович},
  booktitle                = {VII научно-техническая конференция молодых ученых <<ВНИИА-2013>>},
  addendum                 = {(0,04~п.~л.)},
  booktitleaddon           = {Тез. докл.},
  eventdate                = {2013-03-11/2013-03-29},
  language                 = {russian},
  pages                    = {38},
  publisher                = {Изд-во ВНИИА},
  year                     = {2013},
  address                  = {М.}
}

@InProceedings{sinev2014molodezh,
  title                    = {Оценка механических напряжений в соединенных при повышенной температуре в кремнии и стекле},
  author                   = {Синев, Леонид Станиславович},
  booktitle                = {Молодежь в науке},
  addendum                 = {(0,43~п.~л.)},
  booktitleaddon           = {Сб. докл. 13-й науч.-техн. конференции},
  eventdate                = {2014-10-28/2014-10-30},
  language                 = {russian},
  pages                    = {473--479},
  publisher                = {ФГУП <<РФЯЦ-ВНИИЭФ>>},
  venue                    = {Саров},
  year                     = {2015},
  address                  = {Саров}
}

@InProceedings{sinev2015niiis,
  title                    = {Способы выбора марки стекла для анодной посадки на кремний},
  author                   = {Синев, Леонид Станиславович},
  booktitle                = {Десятая научно-техническая конференция молодых специалистов Росатома <<Высокие технологии атомной отрасли. Молодежь в инновационном процессе>>},
  addendum                 = {(0,23~п.~л.)},
  booktitleaddon           = {Материалы конференции},
  eventdate                = {2015-09-10/2015-09-12},
  isbn                     = {978-5-90522-734-9},
  language                 = {russian},
  pages                    = {91--96},
  publisher                = {изд-во <<Дятловы горы>>},
  venue                    = {Н.~Новгород},
  year                     = {2015},
  address                  = {Н.~Новгород}
}

@InProceedings{sinev2016issledovanie_vniia,
  title                    = {Исследование влияния коэффициентов теплового расширения стекол на~остаточные напряжения после анодной посадки стекла на~кремний},
  author                   = {Синев, Леонид Станиславович},
  booktitle                = {X научно-техническая конференция <<ВНИИА-2016>>},
  addendum                 = {(0,04~п.~л.)},
  booktitleaddon           = {Тез. докл.},
  eventdate                = {2016-03-09/2016-03-31},
  language                 = {russian},
  pages                    = {37},
  publisher                = {Изд-во \mbox{ВНИИА}},
  year                     = {2016},
  address                  = {М.}
}

@comment{jabref-meta: selector_language:english;russian;}

