% This file was created with JabRef 2.11.1.
% Encoding: UTF8


@Collection{Ljakishev1996_diag_dvojnyh_met_sis_t1,
  isbn                     = {5-217-02688-X},
  language                 = {russian},
  pagetotal                = {992},
  volume                   = {1},
  year                     = {1996},
  crossref                 = {Ljakisheva1996_diag_dvojnyh_met_sis}
}

@Mvcollection{Ljakisheva1996_diag_dvojnyh_met_sis,
  title                    = {Диаграммы состояния двойных металлических систем},
  date                     = {1996/2000},
  editor                   = {Лякишева, Николая Павловича},
  language                 = {russian},
  isbn                     = {5-217-02687-1},
  location                 = {М.},
  publisher                = {Машиностроение},
  subtitle                 = {Справочник},
  volumes                  = {3},
  editortype               = {geneditor}
}

@Book{Raspopov_micromechanics2007,
  title                    = {Микромеханические приборы: учебное пособие},
  author                   = {Распопов, Владимир Яковлевич},
  publisher                = {Машиностроение},
  year                     = {2007},
  address                  = {М.},
  isbn                     = {5-217-03360-6},
  language                 = {russian},
  pagetotal                = {400}
}

@InProceedings{New_low_temperature_bonding_tech,
  title                    = {New low temperature bonding technologies for the MEMS Industry},
  author                   = {Pargfrieder, Stefan and Kettner, Paul and Dragoi, Viorel and Farrens, Shari},
  booktitle                = {The 6th Korean MEMS Conference},
  eventdate                = {2004-04-08/2004-04-10},
  language                 = {english},
  venue                    = {Jeju},
  year                     = {2004}
}

@InProceedings{Vacuum_Packaging_Technology_and_Appl,
  title                    = {MEMS Vacuum Packaging Technology and Applications},
  author                   = {Yufeng, Jin and Jiaxun, Zhang},
  booktitle                = {6th International Conference on Electronic Packaging Technology},
  doi                      = {10.1109/ICEPT.2005.1564710},
  eventdate                = {2005-09-02},
  language                 = {english},
  publisher                = {IEEE},
  year                     = {2005}
}

@InProceedings{lit_harpster2002long,
  title                    = {Long-term testing of hermetic anodically bonded glass-silicon packages},
  author                   = {Harpster, Timothy J. and Najafi, Khalil},
  booktitle                = {The Fifteenth {IEEE} International Conference on Micro Electro Mechanical Systems},
  doi                      = {10.1109/MEMSYS.2002.984293},
  eventdate                = {2002-01-20/2002-01-24},
  language                 = {english},
  organization             = {IEEE},
  pages                    = {423--426},
  venue                    = {Las Vegas, NV, USA},
  year                     = {2002}
}

@Article{lit_Esashi_Wafer2008,
  title                    = {Wafer level packaging of MEMS},
  author                   = {Esashi, Masayoshi},
  doi                      = {10.1088/0960-1317/18/7/073001},
  language                 = {english},
  number                   = {7},
  pages                    = {073001},
  volume                   = {18},
  year                     = {2008},
  journal                  = {J.~Micromech. Microeng.}
}

@Article{Dragoi_cmos_wafer_bonding,
  title                    = {CMOS: compatible wafer bonding for MEMS and wafer-level 3D integration},
  author                   = {Dragoi, Viorel and Pabo, Eric and Burggraf, J\"{u}rgen and Mittendorfer Gerald},
  doi                      = {10.1007/s00542-012-1439-7},
  issn                     = {0946-7076},
  language                 = {english},
  number                   = {7--8},
  pages                    = {1065--1075},
  volume                   = {18},
  year                     = {2012},
  journal                  = {Microsystem Technologies},
  publisher                = {Springer-Verlag}
}

@Article{Babaevskij_korpusirovanie_NMST2014_3,
  title                    = {Вакуумплотное матричное корпусирование сенсорных микроэлектромеханических систем (аналитический обзор) часть 1. Процессы соединения и разрезания пластин, локальная герметизация (вакуумное капсулирование) чувствительных элементов сенсорных микроэлектромеханических систем},
  author                   = {Бабаевский, Петр Гордеевич and Жукова, Светлана Александровна and Обижаев, Д. Ю. and Гринькин, Евгений Анатольевич and Турков, В. Е. and Резниченко, Геннадий Михайлович and Рискин, Д. Д. and Бычкова, Ю. А.},
  language                 = {russian},
  number                   = {3},
  pages                    = {3--12},
  year                     = {2014},
  journal                  = {Нано- и микросистемная техника}
}

@Book{lit_madou2002fundamentals,
  title                    = {Fundamentals of microfabrication: the science of miniaturization},
  author                   = {Madou, Marc J.},
  publisher                = {CRC Press},
  year                     = {2002},
  language                 = {english}
}

@Article{schmidt1998wafer,
  title                    = {Wafer-to-wafer bonding for microstructure formation},
  author                   = {Schmidt, Martin A.},
  doi                      = {10.1109/5.704262},
  language                 = {english},
  number                   = {8},
  pages                    = {1575--1585},
  volume                   = {86},
  year                     = {1998},
  journal                  = {Proceedings of the IEEE}
}

@InProceedings{stoger1999awbtech,
  title                    = {Advanced Wafer Bonding Technology},
  author                   = {Stoger, Gerald and Satoshi, Frank Shiraki},
  booktitle                = {{SEMI} Micromachine/{MEMS} Seminar},
  eventdate                = {1999-06-09},
  language                 = {english},
  organization             = {Semicon},
  venue                    = {Kansai, Japan},
  year                     = {1999}
}

@Article{lit_resnik2000study,
  title                    = {Study of low-temperature direct bonding of (111) and (100) silicon wafers under various ambient and surface conditions},
  author                   = {Resnik, Drago and Vrta\v{c}nik, Danilo and Aljan\v{c}i\v{c}, Uro\v{s} and Amon, Slavko},
  doi                      = {10.1016/S0924-4247(99)00299-X},
  issn                     = {0924-4247},
  language                 = {english},
  number                   = {1},
  pages                    = {68--76},
  volume                   = {80},
  year                     = {2000},
  journal                  = {Sensors and Actuators A: Physical},
  keywords                 = {Silicon low-temperature bonding}
}

@Inbook{bse_eutectic,
  title                    = {Эвтектика},
  pages                    = {560},
  publisher                = {Советская энциклопедия},
  year                     = {1978},
  address                  = {М.},
  booktitle                = {БСЭ},
  edition                  = {3-е},
  volume                   = {29},
  language                 = {russian}
}

@Online{wiki_eutectic,
  title                    = {Эвтектика},
  language                 = {russian},
  url                      = {http://ru.wikipedia.org/?oldid=68343871},
  urldate                  = {2015-02-03},
  year                     = {2015},
  author                   = {Wikipedia},
  organization             = {Википедия},
  media                    = {eresource}
}

@Patent{iofis_patent1960,
  title                    = {Способ пайки керамики с~керамикой и~стекла с~металлом},
  author                   = {Иофис, Н. А.},
  date                     = {1958-11-11},
  number                   = {126728},
  location                 = {countryussr},
  type                     = {invcert},
  langid                   = {russian},
  language                 = {russian},
  pagetotal                = {1},
  publdate                 = {1960},
  publication              = {Бюл. № 5.}
}

@InCollection{evdokimov_ivlev1967,
  title                    = {Создание и нарушение адгезионного контакта действием внешних электрических полей},
  author                   = {Евдокимов, Юрий Михайлович and Ивлев, И. М.},
  booktitle                = {Сб. работ Московского лесотехнического института. Вып.~19},
  language                 = {russian},
  pages                    = {110--114},
  year                     = {1967},
  address                  = {М.}
}

@Patent{AB_patent_Pomerantz_1968,
  title                    = {Anodic bonding},
  author                   = {Pomerantz, Daniel I.},
  date                     = {1966-10-03},
  number                   = {3397278},
  location                 = {countryus},
  type                     = {patent},
  langid                   = {russian},
  language                 = {russian},
  pagetotal                = {11},
  publdate                 = {1968-08-13}
}

@Article{evdokimov_krestov1988,
  title                    = {Электроадгезионный метод соединения твердых тел},
  author                   = {Евдокимов, Юрий Михайлович and Крестов, Д. С.},
  language                 = {russian},
  number                   = {6},
  pages                    = {64--66},
  year                     = {1988},
  journal                  = {Вестник машиностроения}
}

@Article{ushkov_kozlov2007,
  title                    = {Проектирование, изготовление и исследование кремниевых чувствительных элементов давления со встроенной защитой от перегрузок},
  author                   = {Ушков, Александр Викторович and Козлов, Алексей Николаевич},
  language                 = {russian},
  number                   = {5},
  pages                    = {49--51},
  year                     = {2007},
  journal                  = {Нано- и микросистемная техника}
}

@Article{timoshenkov2010metody,
  title                    = {Методы сборки и монтажа макетных образцов микроэлектромеханических систем},
  author                   = {Тимошенков, Сергей Петрович and Бойко, Антон Николаевич and Симонов, Борис Михайлович},
  language                 = {russian},
  number                   = {84},
  pages                    = {58--63},
  year                     = {2010},
  journal                  = {Известия высших учебных заведений}
}

@Article{timoshenkov2006issledovanija,
  title                    = {Исследования и разработка технологических процессов изготовления элементов микромеханики},
  author                   = {Тимошенков, Сергей Петрович and Бритков, Олег Михайлович and Зотов, Сергей Александрович and Рубчиц, Вадим Григорьевич and Калугин, Виктор Владимирович and Прокопьев, Евгений Павлович},
  language                 = {russian},
  number                   = {2},
  pages                    = {3--7},
  year                     = {2006},
  journal                  = {Оборонный комплекс "--- научно-техническому прогрессу России}
}

@Article{andreev2014kremnievye,
  title                    = {Кремниевые преобразователи давления с защитой от перегрузок},
  author                   = {Андреев, Константин Александрович and Власов, Андрей Игоревич and Шахнов, Вадим Анатольевич},
  language                 = {russian},
  number                   = {10},
  pages                    = {54--57},
  year                     = {2014},
  journal                  = {Датчики и системы}
}

@Thesis{tonkiy1974eak_avtoref,
  title                    = {Исследование электроадгезионного контакта и возможностей его применения в технологии полупроводниковых приборов и микросхем},
  address                  = {Л.},
  author                   = {Тонкий, Леонид Васильевич},
  number                   = {05.12.11 Полупроводниковые и микроэлектронные приборы и технология их производства},
  school                   = {Ленинградский электротехнический институт имени В.~И.~Ульянова (Ленина)},
  type                     = {автореф.\ дис.\ ...\ канд.\ техн.\ наук},
  year                     = {1974},
  language                 = {russian},
  pagetotal                = {23}
}

@Article{khomenko2001proizvodstvo,
  title                    = {Производство полупроводниковых датчиков электрохимической сваркой},
  author                   = {Хоменко, Николай Николаевич},
  language                 = {russian},
  number                   = {8},
  pages                    = {38--40},
  year                     = {2001},
  journal                  = {Автоматическая сварка}
}

@Article{berezin2001,
  title                    = {Некоторые особенности процесса сварки в электростатическом поле диэлектриков с металлами и между собой},
  author                   = {Березин, Л. Я.},
  language                 = {russian},
  number                   = {8},
  pages                    = {45--48},
  year                     = {2001},
  journal                  = {Автоматическая сварка}
}

@Article{shoji1998low_b_quartz,
  title                    = {Low-temperature anodic bonding using lithium aluminosilicate-$\beta$-quartz glass ceramic},
  author                   = {Shoji, Shuichi and Kikuchi, Shuichi and Torigoe, Hirotaka},
  doi                      = {10.1016/S0924-4247(97)01659-2},
  issn                     = {0924-4247},
  language                 = {english},
  number                   = {1},
  pages                    = {95--100},
  volume                   = {64},
  year                     = {1998},
  journal                  = {Sensors and Actuators A: Physical},
  keywords                 = {Anodic bonding}
}

@Article{johnsen1923physical,
  title                    = {A physical phenomenon and its applications to telegraphy, telephony, etc.},
  author                   = {Johnsen, Alfred and Rahbek, Knud},
  doi                      = {10.1049/jiee-1.1923.0092},
  issn                     = {0099-2887},
  language                 = {english},
  number                   = {320},
  pages                    = {713--725},
  volume                   = {61},
  year                     = {1923},
  journal                  = {Journal of the Institution of Electrical Engineers}
}

@Article{atkinson1969simple,
  title                    = {A simple theory of the Johnsen-Rahbek effect},
  author                   = {Atkinson, R.},
  doi                      = {10.1088/0022-3727/2/3/303},
  language                 = {english},
  number                   = {3},
  pages                    = {325--332},
  volume                   = {2},
  year                     = {1969},
  journal                  = {Journal of Physics D: Applied Physics}
}

@Thesis{evdokimov1968issledovanie_avtoref,
  title                    = {Исследование электроадгезионных явлений и возможности создания и нарушения адгезионного контакта действием внешнего электрического поля},
  address                  = {М.},
  author                   = {Евдокимов, Юрий Михайлович},
  school                   = {Московский технологический институт легкой промышленности},
  type                     = {автореф.\ дис.\ ...\ канд.\ хим.\ наук},
  year                     = {1968},
  language                 = {russian},
  pagetotal                = {24}
}

@Article{Low_temp_wafer_AB,
  title                    = {Low temperature wafer anodic bonding},
  author                   = {Wei, J. and Xie, H. and Nai, M. L. and Wong, C. K. and Lee, L. C.},
  doi                      = {10.1088/0960-1317/13/2/308},
  language                 = {english},
  number                   = {2},
  pages                    = {217--222},
  volume                   = {13},
  year                     = {2003},
  abstract                 = {In this paper, anodic bonding between silicon wafer and glass wafer (Pyrex 7740) has been achieved at low temperature. The bond strength is measured using a tensile testing machine. The interfaces are examined and analyzed by scanning acoustic microscopy (SAM), scanning electron microscopy (SEM) and secondary ion mass spectrometry (SIMS). The effects of the bonding parameters on bond quality are investigated using the Taguchi method. The bonding temperature used ranges from 200 В°C to 300 В°C. Almost bubble-free interfaces have been obtained. The bonded area increases with increasing bonding temperature. The unbonded area is less than 1.5\% within the whole wafer for bonding temperature between 200 В°C and 300 В°C. The bond strength is higher than 10 MPa and increases with the bonding temperature. Fracture mainly occurs inside the glass wafer other than in the interface when the bonding temperature is higher than 225 В°C. Higher bonding temperature results in more oxygen migration to the interface and more Si–O bonds. The bonding mechanisms consist of hydrogen bonding and Si–O chemical reaction.},
  journal                  = {J.~Micromech. Microeng.}
}

@Article{Cozma_Puers_1995,
  title                    = {Characterization of the electrostatic bonding of silicon and Pyrex glass},
  author                   = {Cozma, Adriana and Puers, Bob},
  doi                      = {10.1088/0960-1317/5/2/010},
  language                 = {english},
  number                   = {2},
  pages                    = {98--102},
  volume                   = {5},
  year                     = {1995},
  abstract                 = {The electrostatic bonding of silicon and Pyrex glass was studied in order to find out the influence of process parameters on the final result and to be able to optimize the process with regard to the fabrication of silicon sensors. The most important parameters are the temperature and the voltage. The main criterion used for the optimization of their values was the induced stress in the silicon part of the bonded ensemble. It was found that a temperature of 360 degrees C and voltages in the range 750-1000 V are suitable.},
  journal                  = {J.~Micromech. Microeng.}
}

@Article{Andreev2013_Analiz_met_elektrostat_svar,
  title                    = {Анализ методов электростатической сварки кремния и стекла при производстве высокоточных датчиков},
  author                   = {Андреев, Константин Александрович and Милешин, Сергей Андреевич and Цивинская, Татьяна Анатольевна},
  language                 = {russian},
  number                   = {2 (165)},
  pages                    = {45--49},
  year                     = {2013},
  journal                  = {Датчики и системы}
}

@Article{Lee_Detailed_characterization,
  title                    = {Detailed characterization of anodic bonding process between glass and thin-film coated silicon substrates},
  author                   = {Lee, Thomas M. H. and Lee, Debbie H. Y. and Liaw, Connie Y. N. and Lao, Alex I. K. and Hsing, I-Ming},
  doi                      = {10.1016/S0924-4247(00)00418-0},
  issn                     = {0924-4247},
  language                 = {english},
  number                   = {1--2},
  pages                    = {103--107},
  volume                   = {86},
  year                     = {2000},
  abstract                 = {Anodic bonding between Si-based and glass substrates has been characterized in detail. The effects of magnitude of the applied voltage, surface properties (coating of Si substrate), and surface cleanliness (pre-bonding cleaning procedure) on the time required for complete bonding were thoroughly studied. First, the generic bonding time versus applied voltage plot was found to be concave in shape (viewed from the origin). For bonding between p-type Si substrate and Corning 7740 glass pre-cleaned with acetone, the time required was cut down from 38 to 4 min if the applied voltage was increased from 200 to 500 V. Second, the bonding time required for five Si-based substrates in ascending order was determined to be Si (p-type), polysilicon, silicon nitride, silicon oxide and then Si (n-type). Third, the bonding between p-type Si substrate, pre-cleaned with H2SO4--H2O2 and HF, and Corning 7740 glass was completed within 1 min, which was much faster than that pre-cleaned with acetone (4 min). Finally, from bonding point of view, Corning 7740 glass was superior to Corning 7059 glass and Fisher slide due to its thermal coefficient of expansion matching with the underlying Si substrate and the presence of significant amount of sodium ions in the glass.},
  journal                  = {Sensors and Actuators A: Physical }
}

@Article{Babaevskij_el_vyvody_NMST2014_4,
  title                    = {Вакуумплотное матричное корпусирование сенсорных микроэлектромеханических систем (аналитический обзор). Часть~2. Формирование вакуумплотных электрических выводов, способы сохранения и контроля вакуума в рабочих полостях и общие тенденции развития технологии корпусирования С~{МЭМС}},
  author                   = {Бабаевский, Петр Гордеевич and Жукова, Светлана Александровна and Обижаев, Д. Ю. and Гринькин, Евгений Анатольевич and Турков, В. Е. and Резниченко, Геннадий Михайлович and Рискин, Д. Д. and Бычкова, Ю. А.},
  language                 = {russian},
  number                   = {4},
  pages                    = {3--11},
  year                     = {2014},
  journal                  = {Нано- и~микросистемная техника}
}

@InProceedings{Jakobsen_AB_for_MEMS_2001_ppt,
  title                    = {Anodic Bonding for {MEMS}},
  author                   = {Jakobsen, Henrik and Lapadatu, Adriana and Kittilsland, Gjermund},
  booktitle                = {Symposium on Semiconductor Wafer Bonding},
  language                 = {english},
  year                     = {2001},
  address                  = {San Francisco}
}

@Article{wallis_pomerantz1969fagms,
  title                    = {Field Assisted Glass-Metal Sealing},
  author                   = {Wallis, George and Pomerantz, Daniel I.},
  doi                      = {10.1063/1.1657121},
  language                 = {english},
  number                   = {10},
  pages                    = {3946--3949},
  volume                   = {40},
  year                     = {1969},
  journal                  = {J.~Appl. Phys.}
}

@Article{Wallis_FAGS_1975,
  title                    = {Field Assisted Glass Sealing},
  author                   = {Wallis, George},
  doi                      = {10.1155/APEC.2.45},
  language                 = {english},
  number                   = {1},
  pages                    = {45--53},
  volume                   = {2},
  year                     = {1975},
  journal                  = {{ElectroComponent} Science and Technology}
}

@Article{choi2002analysis,
  title                    = {The Analysis of Oxygen Plasma Pretreatment for Improving Anodic Bonding},
  author                   = {Choi, Seung-Woo and Choi, Woo-Beom and Lee, Yun-Hi and Ju, Byeong-Kwon and Sung, Man-Young and Kim, Byong-Ho},
  doi                      = {10.1149/1.1419187},
  language                 = {english},
  number                   = {1},
  pages                    = {P.~G8--G11},
  volume                   = {149},
  year                     = {2002},
  abstract                 = {The oxygen plasma surface treatment of silicon and glass was studied for improving the characteristics of anodic bonding. By contact-angle measurements, we calculated the surface energy which is the sum of polar and dispersion components. The results showed that oxygen-plasma-induced distinctive high-polar and low-dispersion characteristics and caused the total surface energy to increase even at low power or short plasma exposure times for both silicon and glass surfaces. The highly polar-component-induced surface was maintained for over 100 days. On increasing plasma power and exposure time, it was observed that surface roughness increased. The oxygen plasma treatment was significantly efficient to reduce the contaminants on the surface, which was the main factor in degrading bonding strength and electrical properties of the interface. In the tensile test, the oxygen plasma treatment led to higher bonding strength than a conventional anodic bonding method. {\copyright} 2001 The Electrochemical Society. All rights reserved.},
  journal                  = {Journal of The Electrochemical Society}
}

@InCollection{enikov2006introduction,
  title                    = {Introduction to Micro-Systems and to the Techniques for Their Fabrication},
  author                   = {Enikov, Eniko T.},
  booktitle                = {Microsystems Mechanical Design},
  editor                   = {De Bona, F. and Enikov, Eniko T.},
  doi                      = {10.1007/978-3-211-48549-1_1},
  isbn                     = {978-3-211-37453-5},
  language                 = {english},
  pages                    = {1--36},
  publisher                = {Springer Vienna},
  series                   = {CISM International Centre for Mechanical Sciences: Courses and Lectures},
  volume                   = {478},
  year                     = {2006}
}

@Article{rogers1995selection,
  title                    = {Selection of glass, anodic bonding conditions and material compatibility for silicon-glass capacitive sensors},
  author                   = {Rogers, Tony and Kowal, J.},
  doi                      = {10.1016/0924-4247(94)00872-F},
  issn                     = {0924-4247},
  language                 = {english},
  number                   = {1--3},
  pages                    = {113--120},
  volume                   = {46},
  year                     = {1995},
  abstract                 = {This paper examines the process of anodic bonding with regard to the fabrication of silicon-glass capacitive sensors. Various glasses are assessed in terms of the suitability of their physical properties and results are presented on flatness control of these glasses when bonded to silicon at different temperatures. Many of the problems which can typically affect silicon-glass sensors are examined and explained in terms of the anodic bonding process. Effects such as the electrolysis of the glass and the transport of the oxygen produced in this process are discussed and design considerations for minimising deleterious effects of this oxygen are presented. We demonstrate the process of selection of glass, bonding parameters and other material selection by reference to a device on which we are currently working.},
  journal                  = {Sensors and Actuators A: Physical},
  keywords                 = {Anodic bonding}
}

@Article{Anthony_AB_of_imperfect_surfaces,
  title                    = {Anodic bonding of imperfect surfaces},
  author                   = {Anthony, Thomas R.},
  doi                      = {10.1063/1.332357},
  language                 = {english},
  number                   = {5},
  pages                    = {2419--2428},
  volume                   = {54},
  year                     = {1983},
  journal                  = {J.~Appl. Phys.}
}

@Article{Rogers_current_limited_AB_2005,
  title                    = {Improvements in {MEMS} gyroscope production as a result of using in situ, aligned, current-limited anodic bonding},
  author                   = {Rogers, Tony and Aitken, Nick and Stribley, Kevin and Boyd, James},
  doi                      = {10.1016/j.sna.2005.03.009},
  issn                     = {0924-4247},
  language                 = {english},
  pages                    = {106--110},
  volume                   = {123--124},
  year                     = {2005},
  abstract                 = {Control of the bonding process is important in the high volume manufacture of \{MEMS\} gyroscope. This paper reports on the use of in situ, aligned, current-limited anodic bonding to enable the required device throughput and control of the bonding process. Statistical analysis of stress-sensitive output parameters of the gyroscope is used to quantify the benefits of different bonding procedures. Current limiting is shown to improve device-to-device reproducibility and the in situ capability of the combined aligner--bonder equipment enables high-throughput manufacturing and yield improvements. Cycle times for the aligned anodic bond process were reduced from 40 to 20 min, and wafer bow reduced by 20\%. This reduction in wafer bow translated directly into improved device performance and reproducibility. },
  journal                  = {Sensors and Actuators A: Physical},
  keywords                 = {{MEMS} gyroscope}
}

@InProceedings{guan2006icept06,
  title                    = {Anodic Bonding Study on Vacuum Micro Sealing Cavity},
  author                   = {Guan, Rongfeng and Gan, Zhiyin and Fulong, Zhu and Wang, Xuefang and Liu, Sheng},
  booktitle                = {7th International Conference on Electronic Packaging Technology ({ICEPT}'06)},
  doi                      = {10.1109/ICEPT.2006.359851},
  eventdate                = {2006-08-26/2006-08-29},
  language                 = {english},
  pages                    = {1--4},
  publisher                = {IEEE},
  venue                    = {Shanghai},
  year                     = {2006},
  abstract                 = {In spite of the fact that anodic bonding technique has be extensively utilized in the microelectromechanical systems (MEMS) for the packaging of microsensors and microactuators, some key issues, such as decreasing anodic bonding temperature, improving bonding strength and reducing bubbles in the bonding interface, must be resolved. In the paper, the anodic bonding process of a micro sealing cavity is studied by using an in-house made vacuum packaging equipment. The quality of the anodic bonding interface quality is analyzed by SEM. The shear strength of the bonding samples is measured by a in-house made six-axis micro tester. The analysis results demonstrate that the anodic bonding interfaces are dense, without bubbles, and their shear strength is over 29MPa},
  keywords                 = {bonding processes;electronics packaging;micromechanical devices;scanning electron microscopy;shear strength;vacuum techniques;anodic bonding;bonding strength;microactuators;microelectromechanical systems;microsensors;scanning electron microscopy;shear strength;vacuum micro sealing cavity;vacuum packaging;Bonding processes;Electronics packaging;Glass;Materials science and technology;Packaging machines;Silicon;Temperature;Wafer bonding;Wafer scale integration;Wet etching}
}

@Article{Hu2008tensile_tests,
  title                    = {Tensile tests of micro anchors anodically bonded between Pyrex glass and aluminum thin film coated on silicon wafer},
  author                   = {Hu, Yu-Qun and Zhao, Ya-Pu and Yu, Tongxi},
  doi                      = {10.1016/j.microrel.2008.04.016},
  issn                     = {0026-2714},
  language                 = {english},
  number                   = {10},
  pages                    = {1720--1723},
  volume                   = {48},
  year                     = {2008},
  abstract                 = {Micro anchor is a kind of typical structures in micro/nano electromechanical systems (MEMS/NEMS), and it can be made by anodic bonding process, with thin films of metal or alloy as an intermediate layer. At the relative low temperature and voltage, specimens with actually sized micro anchor structures were anodically bonded using Pyrex 7740 glass and patterned crystalline silicon chips coated with aluminum thin film with a thickness comprised between 50 nm and 230 nm. To evaluate the bonding quality, tensile pulling tests have been finished with newly designed flexible fixtures for these specimens. The experimental results exhibit that the bonding tensile strength increases with the bonding temperature and voltage, but it decreases with the increase of the thickness of Al intermediate layer. This kind of thickness effect of the intermediate layer was not mentioned in the literature on anodic bonding. },
  journal                  = {Microelectronics Reliability}
}

@Article{Villanueva2006_Transfer_small,
  title                    = {Transfer of small structures by bonding},
  author                   = {Villanueva, G. and Plaza, J. A. and Gonz{\'{a}}lez, E. and Bausells, J.},
  doi                      = {10.1007/s00542-005-0041-7},
  issn                     = {0946-7076},
  language                 = {english},
  number                   = {5},
  pages                    = {455--461},
  volume                   = {12},
  year                     = {2006},
  journal                  = {Microsystem Technologies},
  publisher                = {Springer-Verlag}
}

@Article{Yu2008_Yield_improvement_AB,
  title                    = {Yield improvement for anodic bonding with suspending structure},
  author                   = {Yu, Hongbin and Zhou, Guangya and Chau, Fook Siong},
  doi                      = {10.1016/j.sna.2007.11.009},
  issn                     = {0924-4247},
  language                 = {english},
  number                   = {2},
  pages                    = {462--468},
  volume                   = {143},
  year                     = {2008},
  abstract                 = {A method is presented to improve the yield of the anodic bonding process involving {MEMS} devices with suspended structures. In the proposed method, a metal layer is deposited and patterned on the Pyrex substrate in advance to form the electrode and connection wire simultaneously. The electrode which faces the suspended structure directly above, also acts as the bottom electrode for electrostatic actuation or capacitive sensing. The wire connected to the bottom electrode runs across the bonding area and electrically connects to the suspended structure outside the device area. As a result, the electric potential between the suspended silicon structure and the bottom electrode on the glass can be kept at zero during the anodic bonding process, thus preventing the suspended structure from being damaged by the extremely large electrostatic force. A novel photoresist filling step was also used to protect the bonding pads and cavity from being damaged by following process. Finally, a dicing process is used to separate the electrical connection between the suspended structure and bottom electrode for subsequent device operations. },
  journal                  = {Sensors and Actuators A: Physical},
  keywords                 = {MEMS}
}

@Reference{ost_Steklo_terminy,
  title                    = {Стекло электровакуумное. Термины и определения},
  language                 = {russian},
  pagetotal                = {42},
  year                     = {1985},
  heading                  = {ОСТ 11 0041-85},
  specdata                 = {Взамен ОСТ 11 027.002-73. Введ. 01.01.1986}
}

@InProceedings{maj2014influence_proceedings,
  title                    = {The influence of residual stress induced by anodic wafer bonding on {MEMS} membrane properties},
  author                   = {Maj, Cezary and Zajac, Piotr and Szermer, Michal and Napieralski, Andrzej},
  booktitle                = {International Conference Mixed Design of Integrated Circuits Systems ({MIXDES})},
  doi                      = {10.1109/MIXDES.2014.6872162},
  eventdate                = {2014-06-19/2014-06-21},
  language                 = {english},
  pages                    = {93--96},
  publisher                = {IEEE},
  venue                    = {Lublin},
  year                     = {2014},
  abstract                 = {The bonding is one of the common processes performed during MEMS fabrication. It allows creating advanced microstructures and specific encapsulation. However, this process induces a residual stress into the structure as the annealing process is required. In this paper the bonding of silicon and pyrex glass is taken into account as these materials have different coefficients of thermal expansion. We analyze the bonding process performed in optimal temperature that induces residual stress as small as possible. The simulations show the influence of residual stress on membrane deflection in typical temperature range of operation.},
  keywords                 = {annealing;elemental semiconductors;encapsulation;glass;internal stresses;membranes;microfabrication;micromechanical devices;silicon;thermal expansion;wafer bonding;MEMS fabrication;MEMS membrane properties;Si;advanced microstructures;annealing process;anodic wafer bonding process;encapsulation;membrane deflection;optimal temperature;pyrex glass;residual stress;silicon bonding;thermal expansion coefficients;Bonding;Micromechanical devices;Performance evaluation;Residual stresses;Silicon;Temperature distribution;MEMS;bonding;membrane;residual stress}
}

@Article{ettouhami1996thermal,
  title                    = {Thermal buckling of silicon capacitive pressure sensor},
  author                   = {Ettouhami, A. and Essaid, A. and Ouakrim, N. and Michel, L. and Limouri, M.},
  doi                      = {10.1016/S0924-4247(97)80109-4},
  issn                     = {0924-4247},
  language                 = {english},
  number                   = {3},
  pages                    = {167--171},
  volume                   = {57},
  year                     = {1996},
  abstract                 = {The thermal behaviour of an absolute or differential capacitive pressure sensor built from a micromachined silicon plate bonded to a Pyrex 7740 substrate has been studied. Thermal drift due to the mismatch of the thermal coefficients of expansion between the silicon, Pyrex substrate and package has been analysed numerically with the finite-element mehod. Two types of boundary conditions at the Pyrex substrate-package interface (representing different die-mounting configurations) are studied: fixed and free base of the Pyrex substrate. The sensor with a fixed base presents a high temperature sensitivity beyond the buckling temperature, which is small for some dimensions (105В$\deg$C for a circular capacitive pressure sensor, having 1000 Ојm diphragm radius, 12 Ојm diaphragm thickness and 200 Ојm Pyrex thickness). The influence of different dimensions of the sensor has been simulated to increase the buckling temperature greatly. Buckling of the sensor with a free base occurs at negative temperatures and hence this sensor presents a feeble thermal drift a positive temperatures. },
  journal                  = {Sensors and Actuators A: Physical},
  keywords                 = {Capacitive pressure sensors}
}

@InProceedings{zemen2010impact,
  title                    = {The impact of yield strength of the interconnector on the internal stress of the solar cell within a module},
  author                   = {Zemen, Y. and Prewitz, T. and Geipel, T. and Pingel, S. and Berghold, J.},
  booktitle                = {5th World Conference on Photovoltaic Energy Conversion},
  eventdate                = {2010-09-06/2010-09-10},
  pages                    = {4073--4078},
  url                      = {http://www.solon.com/export/sites/default/solonse.com/_downloads/global/article-pid/Zemen_et_al_Impact_of_Yield_Strength.pdf},
  urldate                  = {2012-06-05},
  venue                    = {Valencia, Spain},
  year                     = {2010},
  keywords                 = {Ribbons; stability; PV Module;},
  langid                   = {english},
  media                    = {eresource}
}

@Online{Adams_Elasticity_ppt,
  title                    = {Elasticity},
  language                 = {russian},
  url                      = {http://www1.coe.neu.edu/~adams_g/MTM260/Elasticity.ppt},
  urldate                  = {2010-02-07},
  year                     = {2008},
  author                   = {Adams, G.},
  organization             = {Northeastern University},
  media                    = {eresource}
}

@Inbook{gleskova2009mechanical,
  title                    = {Mechanical Theory of the Film-on-Substrate-Foil Structure: Curvature and Overlay Alignment in Amorphous Silicon Thin-Film Devices Fabricated on Free-Standing Foil Substrates},
  author                   = {Gleskova, Helena and Cheng, I-Chun and Wagner, Sigurd and Suo, Zhigang},
  editor                   = {Wong, William S. and Salleo, Alberto},
  pages                    = {29--51},
  publisher                = {Springer US},
  year                     = {2009},
  booktitle                = {Flexible Electronics},
  number                   = {11},
  volume                   = {11},
  booksubtitle             = {Materials and Applications},
  doi                      = {10.1007/978-0-387-74363-9_2},
  isbn                     = {978-0-387-74362-2},
  language                 = {english},
  maintitle                = {Electronic Materials: Science \& Technology}
}

@InCollection{li2007stress,
  title                    = {Stress Analysis for Processed Silicon Wafers and Packaged Micro-devices},
  author                   = {Li, Li and Guo, Yifan and Zheng, Yifan},
  booktitle                = {Micro- and Opto-Electronic Materials and Structures: Physics, Mechanics, Design, Reliability, Packaging},
  editor                   = {Suhir, E. and Lee, Y. C. and Wong, C. P.},
  doi                      = {10.1007/0-387-32989-7_45},
  isbn                     = {978-0-387-27974-9},
  language                 = {english},
  pages                    = {P.~B677--B709},
  publisher                = {Springer US},
  year                     = {2007}
}

@InCollection{Bao_part_Mech_Beam_Diaphragm_Structures,
  title                    = {Mechanics of Beam and Diaphragm Structures},
  author                   = {Bao, Minhang},
  booktitle                = {Analysis and Design Principles of {MEMS} Devices },
  doi                      = {10.1016/B978-044451616-9/50003-5},
  isbn                     = {978-0-444-51616-9},
  pages                    = {33--114},
  publisher                = {Elsevier Science},
  year                     = {2005},
  abstract                 = {Publisher Summary Crystalline silicon is an excellent mechanical material and an excellent electronic material. The mechanical properties of bulk silicon are quite ideally governed by the theory of elasticity in a large temperature range. It is speculated that the mechanical properties of silicon may change when the geometries of the mechanical structure are scaled down. Fortunately, however, no significant changes in the mechanical properties are observed so far for silicon mechanical structures in micrometer scale. Therefore, it is assumed throughout this chapter that the mechanical properties of a silicon micro structure are ideally elastic. This assumption implies that, if the deformation produced by external forces does not exceed a certain limit, it disappears once the forces are removed. As a crystalline material is anisotropic, the mechanical properties of silicon are orientation dependent and the relations among mechanical parameters are tensor equations. Thus, for the simplicity of analysis, homogeneous assumption is used in this this chapter. The homogeneous assumption simplifies analytical analysis greatly without causing significant errors in the results.},
  address                  = {Amsterdam},
  langid                   = {english}
}

@Book{gad2006mems_applications,
  title                    = {The {MEMS} handbook. Vol.~3. {MEMS}: Applications},
  author                   = {Gad{-}el{-}Hak, Mohamed},
  publisher                = {CRC press},
  year                     = {2006},
  isbn                     = {978-0-8493-9139-2},
  language                 = {english},
  pagetotal                = {547}
}

@Article{tanaka2007laterally,
  title                    = {Laterally stacked glass substrates with high density electrical feedthroughs},
  author                   = {Tanaka, Shuji and Fujimoto, Satoshi and Ito, Osamu and Choe, Seong-Hun and Esashi, Masayoshi},
  doi                      = {10.1088/0960-1317/17/3/023},
  language                 = {english},
  number                   = {3},
  pages                    = {597--602},
  volume                   = {17},
  year                     = {2007},
  abstract                 = {This paper reports a novel method to produce high density feedthrough glass wafers with sufficient thickness for the packaging and interconnection of high density array micro electromechanical systems (MEMS). Pyrex glass wafers with thin film metal lines on the surface are stacked and bonded with each other using phenyl methyl siloxane-based adhesive. The stacked glass wafer block is then sliced using a wire saw as the slicing surfaces cross the adhesive bonding interfaces vertically. Prototyped feedthrough glass wafers were subjected to anodic bonding to a silicon wafer with diaphragms. The anodic bonding was successful, but hermetic sealing was not achieved. The bending of the bonded sample can be reduced by annealing the sample at 400 $\deg$C in a vacuum before anodic bonding.},
  journal                  = {J.~Micromech. Microeng.}
}

@Book{Mazurin1969_Tepl_rassh_stekla,
  title                    = {Тепловое расширение стекла},
  author                   = {Мазурин, Олег Всеволодович and Тотеш, Анна Семеновна and Стрельцина, Марина Владимировна and Швайко{-}Швайковская, Татьяна Павловна},
  publisher                = {Наука, Ленингр. отд-ние},
  year                     = {1969},
  address                  = {Л.},
  language                 = {russian},
  pagetotal                = {216}
}

@Online{LK5_properties,
  title                    = {LK5 glass type},
  language                 = {russian},
  url                      = {http://lzos.ru/glass_pdf/LK5.pdf},
  urldate                  = {2007-10-09},
  organization             = {Lytkarino Optical Glass Factory, {JSC} [Лыткаринский завод оптического стекла]: сайт компании},
  media                    = {eresource}
}

@Book{Alfutov1984_povorot_matric,
  title                    = {Расчет многослойных пластин и~оболочек из~композиционных материалов},
  author                   = {Алфутов, Николай Анатольевич and Зиновьев, Петр Алексеевич and Попов, Борис Глебович},
  publisher                = {Машиностроение},
  year                     = {1984},
  address                  = {М.},
  language                 = {russian},
  pagetotal                = {264}
}

@Book{Vasiljev1988_Meh_konstr_kompozit,
  title                    = {Механика конструкций из композиционных материалов},
  author                   = {Васильев, Валерий Витальевич},
  publisher                = {Машиностроение},
  year                     = {1988},
  address                  = {М.},
  isbn                     = {5-217-00038-4},
  language                 = {russian},
  pagetotal                = {272}
}

@Article{LTEC_si_293_1000,
  title                    = {Linear Thermal Expansion Coefficient of Silicon from 293 to 1000~{K}},
  author                   = {Watanabe, Hiromichi and Yamada, Naofumi and Okaji, Masahiro},
  doi                      = {10.1023/B:IJOT.0000022336.83719.43},
  issn                     = {0195-928X},
  language                 = {english},
  number                   = {1},
  pages                    = {221--236},
  volume                   = {25},
  year                     = {2004},
  journal                  = {International Journal of Thermophysics},
  keywords                 = {gold versus platinum thermocouple; heterodyne interferometer; reference material; silicon; standard reference data; thermal expansion},
  publisher                = {Kluwer Academic Publishers-Plenum Publishers}
}

@Book{kristensen1982_per_Vved_v_kompozit,
  title                    = {Введение в~механику композитов},
  author                   = {Кристенсен, Ричард М.},
  editor                   = {Тарнопольского, Ю. М.},
  publisher                = {Мир},
  year                     = {1982},
  address                  = {М.},
  language                 = {russian},
  origlanguage             = {english},
  pagetotal                = {336},
  translator               = {Бейля, А. И. and Жмудя, Н. П.}
}

@Article{OkadaTokumaru_precise_silicon1984,
  title                    = {Precise determination of lattice parameter and thermal expansion coefficient of silicon between 300 and 1500~{K}},
  author                   = {Okada, Yasumasa and Tokumaru, Yozo},
  doi                      = {10.1063/1.333965},
  language                 = {english},
  number                   = {2},
  pages                    = {314--320},
  volume                   = {56},
  year                     = {1984},
  journal                  = {J.~Appl. Phys.},
  publisher                = {{AIP} Publishing}
}

@Article{slack1975thermal,
  title                    = {Thermal expansion of some diamondlike crystals},
  author                   = {Slack, Glen A. and Bartram, S. F.},
  doi                      = {10.1063/1.321373},
  language                 = {english},
  number                   = {1},
  pages                    = {89--98},
  volume                   = {46},
  year                     = {1975},
  journal                  = {J.~Appl. Phys.}
}

@Online{bf33_properties,
  title                    = {Schott Borofloat 33. The versatile floated borosilicate glass "--- with an infinite number of applications},
  language                 = {russian},
  url                      = {http://www.schott.com/borofloat/russian/download/borofloat_33_e.pdf},
  urldate                  = {2013-07-15},
  organization             = {SCHOTT Technical Glass Solutions GmbH: сайт компании},
  media                    = {eresource}
}

@Online{SD_2_properties,
  title                    = {SD-2. Glass Substrate for Silicon Sensors},
  language                 = {russian},
  url                      = {http://www.hoyaoptics.com/pdf/silicon_sensor.pdf},
  urldate                  = {2011-04-05},
  organization             = {HOYA corporation USA: сайт компании},
  media                    = {eresource}
}

@Online{swyy_properties,
  title                    = {Asahi glass. {SW-glass} wafers for {MEMS} highlights},
  language                 = {russian},
  url                      = {http://ru.scribd.com/doc/7270999/AGC-Asahi-MEMS-Glass-Wafers},
  urldate                  = {2014-10-03},
  organization             = {AGC Electronic Materials},
  media                    = {eresource}
}

@Online{corning7740_wafersheet,
  title                    = {Corning. Glass Silicon Constraint Substrates},
  language                 = {russian},
  url                      = {http://www.corning.com/lightingmaterials/images/wafersheet.pdf},
  urldate                  = {2014-11-01},
  organization             = {Corning: сайт компании},
  media                    = {eresource}
}

@Article{swarnakar2014determination,
  title                    = {Determination of the Si Young's modulus between room and melt temperature using the impulse excitation technique},
  author                   = {Swarnakar, Akhilesh K. and Van der Biest, Omer and Vanhellemont, Jan},
  doi                      = {10.1002/pssc.201300101},
  issn                     = {1610-1642},
  language                 = {english},
  number                   = {1},
  pages                    = {150--155},
  volume                   = {11},
  year                     = {2014},
  abstract                 = {Stress induced by the thermal gradients near the meltsolid interface affects the intrinsic point defect properties and the quality of single crystal Si grown from a melt. Also during device processing, stress in the Si substrate influences point defect behavior during thermal treatments. To be able to simulate and control the stress distribution one needs to know the elastic constants of single crystal Si at high temperatures. In the present study, the vibrational properties of single crystal Si samples are studied between room and melt temperature using the impulse excitation technique.From the measurements, the temperature dependent Young's moduli E〈ijk〉 of moderately doped Czochralski-grown Si samples are extracted in the 〈100〉, 〈110〉 and 〈111〉 crystallographic directions. Close to the melt temperature, very high Young's moduli values between 110 and 160 GPa are obtained, depending on the crystallographic direction. Empiric expressions are derived for the temperature dependence of E〈100〉, E〈110〉 and E〈111〉 and of the elastic compliances s11 and s12 + s44/2, useful for application in process simulation. ({\copyright} 2014 WILEY-VCH Verlag GmbH \& Co. KGaA, Weinheim)},
  journal                  = {Physica status solidi (c)},
  keywords                 = {Si, Young's modulus, elastic compliances, impulse excitation technique},
  publisher                = {WILEY-VCH Verlag}
}

@Online{Description_of_7740_Glasses,
  title                    = {Properties of PYREX\textsuperscript{\textregistered}, PYREXPLUS\textsuperscript{\textregistered}\ and Low Actinic PYREX Code 7740 Glasses},
  language                 = {russian},
  url                      = {http://www.quartz.com/pxprop.pdf},
  urldate                  = {2009-10-02},
  organization             = {Corning},
  media                    = {eresource}
}

@InProceedings{polyakov2003processability,
  title                    = {Processability and electrical characteristics of glass substrates for {RF} wafer-level chip-scale packages},
  author                   = {Polyakov, A. and Mendes, P. M. and Sinaga, S. M. and Bartek, M. and Rejaei, B. and Correia, J. H. and Burghartz, J. N.},
  booktitle                = {Proceedings of 53rd Electronic Components and Technology Conference},
  doi                      = {10.1109/ECTC.2003.1216394},
  eventdate                = {2003-05-27/2003-05-30},
  isbn                     = {0-7803-7791-5},
  language                 = {english},
  pages                    = {875--880},
  publisher                = {{IEEE}},
  venue                    = {New Orleans},
  year                     = {2003}
}

@Book{novikova1974,
  title                    = {Тепловое расширение твердых тел},
  author                   = {Новикова, Светлана Ильинична},
  publisher                = {Наука},
  year                     = {1974},
  address                  = {М.},
  language                 = {russian},
  pagetotal                = {294}
}

@Manual{ref_gosreestr_tma_ss,
  title                    = {Свидетельство об утверждении типа средств измерений № 50103-12 от 01.06.2012: Анализаторы термомеханические серии EXSTAR TMA/SS 7000 модели TMA/SS 7100 и TMA/SS 7300},
  language                 = {russian},
  publisher                = {Федеральное агентство по техническому регулированию и метрологии},
  address                  = {М.}
}

@Book{KassandrovaLebedev1970Obrabotka,
  title                    = {Обработка результатов наблюдений},
  author                   = {Кассандрова, Ольга Николаевна and Лебедев, Виктор Всеволодович},
  publisher                = {Наука},
  year                     = {1970},
  language                 = {russian},
  location                 = {М.},
  pagetotal                = {104},
  titleaddon               = {[Учеб. пособие для вузов]}
}

@Reference{gost_metod_opred_dvulucheprelom,
  title                    = {Изделия из стекла химико-лабораторного и электровакуумного. Метод поляризационно-оптического измерения разности хода лучей},
  language                 = {russian},
  pagetotal                = {13},
  year                     = {1991},
  heading                  = {ГОСТ 7329-91},
  specdata                 = {Введ. 1993-01-01}
}

@Article{mironov2011_issledovanie_metodom_raman,
  title                    = {Исследование наномодифицированных полимерных композиционных материалов методом спектроскопии комбинационного рассеяния},
  author                   = {Миронов, Ю. М. and Храповицкая, Ю. В. and Макеев, М. О. and Нелюб, В. А. and Бородулин, А. С.},
  language                 = {russian},
  number                   = {12},
  url                      = {http://technomag.bmstu.ru/doc/282012.html},
  urldate                  = {2015-10-17},
  year                     = {2011},
  journal                  = {Наука и образование. МГТУ им. Н.Э. Баумана. Электрон. журн.},
  media                    = {eresource}
}

@Article{Kim2015warpage,
  title                    = {Thermo-mechanical constitutive equations for glass and its numerical formulation for warpage analysis of silicon-glass multilayered structure},
  author                   = {Kim, Ji Hoon and Chung, Kwansoo},
  doi                      = {10.1016/j.ijplas.2014.12.006},
  issn                     = {0749-6419},
  language                 = {english},
  year                     = {2015},
  journal                  = {International Journal of Plasticity},
  keywords                 = {Stress relaxation, Thermomechanical processes, Layered material, Viscoelastic material, Warping}
}

@Article{Harz1996Curvature_changing,
  title                    = {Curvature changing or flattening of anodically bonded silicon and borosilicate glass },
  author                   = {Harz, Michael and Engelke, Heinrich},
  doi                      = {10.1016/S0924-4247(97)80079-9},
  issn                     = {0924-4247},
  language                 = {english},
  number                   = {2--3},
  pages                    = {201--209},
  volume                   = {55},
  year                     = {1996},
  journal                  = {Sensors and Actuators A: Physical },
  keywords                 = {Anodic bonding}
}

@Patent{engelke1998process_bend_patent,
  title                    = {Process for changing the bend of anodically bonded flat composite bodies made of glass and metal or semiconductor materials},
  author                   = {Engelke, Heinrich and Harz, Michael},
  date                     = {1998-10-27},
  number                   = {5827343},
  location                 = {countryus},
  type                     = {patent},
  langid                   = {russian},
  pagetotal                = {6},
  prcountry                = {countryus}
}

@Article{timoshenkov2009_issled_stekol,
  title                    = {Исследование структурных и физико-химических особенностей боросиликатных стекол для технологии микроэлектромеханических систем},
  author                   = {Тимошенков, Сергей Петрович and Калугин, Виктор Владимирович and Минаев, Виктор Семенович and Новиков, Сергей Николаевич and Сухоруков, Д. О.},
  language                 = {russian},
  number                   = {4},
  pages                    = {36--42},
  year                     = {2009},
  journal                  = {Оборонный комплекс "--- научно-техническому прогрессу России}
}

@Article{LeeMC2005_gyro_siog,
  title                    = {A high yield rate MEMS gyroscope with a packaged SiOG process},
  author                   = {Lee, Moon Chul and Kang, Seok Jin and Jung, Kyu Dong and Sung-Hoon Choa and Cho, Yong Chul},
  doi                      = {10.1088/0960-1317/15/11/003},
  language                 = {english},
  number                   = {11},
  pages                    = {2003--2010},
  volume                   = {15},
  year                     = {2005},
  journal                  = {J.~Micromech. Microeng.}
}

@Article{gigliotti2007assessment,
  title                    = {Assessment of approximate models to evaluate transient and cyclical hygrothermoelastic stress in composite plates},
  author                   = {Gigliotti, Marco and Jacquemin, Fr{\'{e}}d{\'{e}}ric and Vautrin, Alain},
  doi                      = {10.1016/j.ijsolstr.2006.05.014},
  language                 = {english},
  number                   = {3--4},
  pages                    = {733--759},
  volume                   = {44},
  year                     = {2007},
  journal                  = {International journal of solids and structures}
}

@Online{wiki_arxps,
  title                    = {Рентгеновская фотоэлектронная спектроскопия},
  language                 = {russian},
  url                      = {http://ru.wikipedia.org/?oldid=67279830},
  urldate                  = {2015-11-08},
  year                     = {2015},
  author                   = {Wikipedia},
  organization             = {Википедия},
  media                    = {eresource}
}

@Article{He2015_electric_curr_charact,
  title                    = {Electric current characteristic of anodic bonding},
  author                   = {He, Jun and Yang, Fang and Wang, Wei and Zhang, Li and Huang, Xian and Zhang, Dacheng},
  doi                      = {10.1088/0960-1317/25/6/065002},
  language                 = {english},
  number                   = {6},
  pages                    = {065002},
  volume                   = {25},
  year                     = {2015},
  journal                  = {J.~Micromech. Microeng.}
}

@Article{Rios2000_modelling_current,
  title                    = {Modeling the anodic current in silicon-glass bonding},
  author                   = {Rios, A. N. and Gracias, A. C. and Maia, I. A. and Senna, J. R.},
  language                 = {english},
  number                   = {1},
  pages                    = {31--34},
  volume                   = {19},
  year                     = {2000},
  journal                  = {Rev. Bras. Aplic. Vacuo}
}

@Article{Albaugh1991electrode_phenomena,
  title                    = {Electrode Phenomena during Anodic Bonding of Silicon to Sodium Borosilicate Glass},
  author                   = {Albaugh, Kevin B.},
  doi                      = {10.1149/1.2085374},
  language                 = {english},
  number                   = {10},
  pages                    = {3089--3094},
  volume                   = {138},
  year                     = {1991},
  journal                  = {Journal of The Electrochemical Society}
}

@Article{Carlson1972polarization,
  title                    = {Electrode “Polarization” in Alkali-Containing Glasses},
  author                   = {Carlson, D. E. and Hang, K. W. and Stockdale, G. F.},
  doi                      = {10.1111/j.1151-2916.1972.tb11305.x},
  issn                     = {1551-2916},
  language                 = {english},
  number                   = {7},
  pages                    = {337--341},
  volume                   = {55},
  year                     = {1972},
  journal                  = {Journal of the American Ceramic Society},
  publisher                = {Blackwell Publishing Ltd}
}

@InProceedings{lee_rogers2011ssi_design_rules_wlp,
  title                    = {Design Rules for Wafer Level Packaging of {MEMS}, {CMOS-MEMS} Integration and Smart Systems using Anodic Bonding and Lateral Feedthroughs},
  author                   = {Lee, James and Rogers, Tony},
  booktitle                = {Proceedings of Smart Systems Integration 2011 (5th European Conference \& Exhibition on Integration Issues of Miniaturized Systems~--- {MEMS}, {MOEMS}, {ICs} and Electronic Components)},
  editor                   = {Gessner, Thomas},
  eventdate                = {2011-03-22/2011-03-23},
  isbn                     = {978-3-8007-3324-8},
  language                 = {english},
  organization             = {Mesago Messe Frankfurt {GmbH}},
  publisher                = {VDE Verlag GmbH},
  venue                    = {Dresden},
  year                     = {2011},
  address                  = {Berlin}
}

@Article{saran2003_ab_opt_fibers,
  title                    = {Anodic bonding of optical fibers-to-silicon for integrating MEMS devices and optical fibers},
  author                   = {Saran, Anish and Abeysinghe, Don C. and Flenniken, Ron and Boyd, Joseph T.},
  doi                      = {10.1088/0960-1317/13/2/325},
  language                 = {english},
  number                   = {2},
  pages                    = {346--351},
  volume                   = {13},
  year                     = {2003},
  journal                  = {J.~Micromech. Microeng.}
}

@Article{kozin2010_microel_datch_fiz_vel,
  title                    = {Микроэлектронные датчики физических величин на основе МЭМС-технологий},
  author                   = {Козин, Сергей and Федулов, Александр and Пауткин, Валерий and Баринов, Илья},
  language                 = {russian},
  number                   = {1},
  pages                    = {24--27},
  year                     = {2010},
  journal                  = {Компоненты и технологии}
}

@Article{Richard2002weibull_fracture_probability,
  title                    = {Weibull fracture probability for characterisation of the anodic bond process},
  author                   = {Richard, \AA{}. and K\"{o}hler, J. and Jonsson, K.},
  doi                      = {10.1016/S0924-4247(01)00835-4},
  issn                     = {0924-4247},
  language                 = {english},
  number                   = {3},
  pages                    = {304--311},
  volume                   = {99},
  year                     = {2002},
  journal                  = {Sensors and Actuators A: Physical},
  keywords                 = {Anodic bonding}
}

@Article{Maszara1988bonding_silicon,
  title                    = {Bonding of silicon wafers for {silicon-on-insulator}},
  author                   = {Maszara, W. P. and Goetz, G. and Caviglia, A. and McKitterick, J. B.},
  doi                      = {10.1063/1.342443},
  language                 = {english},
  number                   = {10},
  pages                    = {4943--4950},
  volume                   = {64},
  year                     = {1988},
  journal                  = {J.~Appl. Phys.}
}

@Article{Go1999Experimental_eval_Taguchi,
  title                    = {Experimental evaluation of anodic bonding process based on the Taguchi analysis of interfacial fracture toughness},
  author                   = {Go, Jeung Sang and Cho, Young-Ho},
  doi                      = {10.1016/S0924-4247(98)00254-4},
  issn                     = {0924-4247},
  language                 = {english},
  number                   = {1--2},
  pages                    = {52--57},
  volume                   = {73},
  year                     = {1999},
  journal                  = {Sensors and Actuators A: Physical},
  keywords                 = {Anodic bonding}
}

@Article{Plaza1997nondestructive,
  title                    = {Non-destructive in situ test for anodic bonding},
  author                   = {Plaza, Jos\'{e} A. and Esteve, Jaume and Lora-Tamayo, Emilio},
  doi                      = {10.1016/S0924-4247(96)01434-3},
  issn                     = {0924-4247},
  language                 = {english},
  number                   = {1--3},
  pages                    = {176--180},
  volume                   = {60},
  year                     = {1997},
  journal                  = {Sensors and Actuators A: Physical},
  keywords                 = {Anodic bonding}
}

@Article{TaticLucic1997bond_characterization,
  title                    = {Bond-quality characterization of silicon-glass anodic bonding},
  author                   = {Tatic-Lucic, Svetlana and Ames, John and Boardman, Bill and McIntyre, David and Jaramillo, Paul and Starr, Larry and Lim, Myoungho},
  doi                      = {10.1016/S0924-4247(97)01381-2},
  issn                     = {0924-4247},
  language                 = {english},
  number                   = {1--3},
  pages                    = {223--227},
  volume                   = {60},
  year                     = {1997},
  journal                  = {Sensors and Actuators A: Physical},
  keywords                 = {Anodic bonding}
}

@Article{Petzold1999quality_reliability_chevron,
  title                    = {Quality and mechanical reliability assessment of wafer-bonded micromechanical components},
  author                   = {Petzold, M. and Bagdahn, J. and Katzer, D.},
  doi                      = {10.1016/S0026-2714(99)00156-0},
  issn                     = {0026-2714},
  language                 = {english},
  number                   = {6--7},
  pages                    = {1103--1108},
  volume                   = {39},
  year                     = {1999},
  journal                  = {Microelectronics Reliability}
}

@Patent{terazaki2012stack_structure_patent,
  title                    = {Stack structure and method of manufacturing the same},
  author                   = {Terazaki, Tsutomu and Nakamura, Osamu and Takeyama, Keishi and Nomura, Masatoshi},
  date                     = {2012-03-13},
  number                   = {8133338},
  location                 = {countryus},
  type                     = {patent},
  langid                   = {russian},
  pagetotal                = {21},
  prcountry                = {countryus}
}

@Book{mehan_napr_plenki1981obzor,
  title                    = {Обзоры по электронной технике. Сер. 2. Полупроводниковые приборы. Вып. 6 (798). Механические напряжения в тонких пленках (реф.-аналит. обзор)},
  publisher                = {ЦНИИ «Электроника»},
  year                     = {1981},
  address                  = {М.},
  language                 = {russian},
  pagetotal                = {63}
}

@Article{Rongyan2006Investigation_bond_time,
  title                    = {Investigation on silicon-glass electrostatic bonding time},
  author                   = {Rongyan, Chuai and Xiaowei, Liu and Weiping, Chen and Minghao, Song and Yibo, Liu},
  doi                      = {10.1016/j.sna.2005.11.054},
  issn                     = {0924-4247},
  language                 = {english},
  number                   = {1},
  pages                    = {194--199},
  volume                   = {127},
  year                     = {2006},
  journal                  = {Sensors and Actuators A: Physical},
  keywords                 = {Anodic bonding}
}

@Article{barinov2015_datchik_zhestk,
  title                    = {Вопросы создания микроэлектронных датчиков давления, эксплуатирующихся в особо жестких условиях},
  author                   = {Баринов, Илья Николаевич and Волков, Вадим Сергеевич and Кудрявцева, Д. А. and Цыпин, Борис Вульфович},
  journaltitle             = {Приборы и системы. Управление, контроль, диагностика},
  issn                     = {2073-0004},
  language                 = {russian},
  number                   = {3},
  pages                    = {39--50},
  year                     = {2015}
}

@Article{Khandan2014titanium_ab,
  title                    = {Wafer-scale titanium anodic bonding for microfluidic applications},
  author                   = {Omid Khandan and Daniel Stark and Alexander Chang and Masaru P. Rao},
  doi                      = {10.1016/j.snb.2014.08.083},
  issn                     = {0925-4005},
  language                 = {english},
  pages                    = {244--248},
  volume                   = {205},
  year                     = {2014},
  journal                  = {Sensors and Actuators B: Chemical},
  keywords                 = {Anodic bonding}
}

@Article{DeWolf1996,
  title                    = {Stress measurements in silicon devices through Raman spectroscopy: Bridging the gap between theory and experiment},
  author                   = {Ingrid {De Wolf} and Herman Emile Maes and Stephen K. Jones},
  doi                      = {10.1063/1.361485},
  language                 = {english},
  number                   = {9},
  pages                    = {7148--7156},
  volume                   = {79},
  year                     = {1996},
  journal                  = {Journal of Applied Physics},
  publisher                = {{AIP} Publishing}
}

@Article{Loechelt1999,
  title                    = {Polarized off-axis Raman spectroscopy: A technique for measuring stress tensors in semiconductors},
  author                   = {Gary H. Loechelt and Cave, N. G. and Jos\'{e} Men\'{e}ndez},
  doi                      = {10.1063/1.371670},
  language                 = {english},
  number                   = {11},
  pages                    = {6164--6180},
  volume                   = {86},
  year                     = {1999},
  journal                  = {J.~Appl. Phys.},
  publisher                = {{AIP} Publishing}
}

@Article{Ganesan1970,
  title                    = {A lattice theory of morphic effects in crystals of the diamond structure},
  author                   = {Ganesan, S. and Alexei A. Maradudin and Oitmaa, J.},
  doi                      = {10.1016/0003-4916(70)90029-1},
  issn                     = {0003-4916},
  language                 = {english},
  number                   = {2},
  pages                    = {556--594},
  volume                   = {56},
  year                     = {1970},
  journal                  = {Annals of Physics},
  publisher                = {Elsevier {BV}}
}

@Article{Narayanan1997,
  title                    = {Determination of unknown stress states in silicon wafers using microlaser Raman spectroscopy},
  author                   = {S. Narayanan and Surya R. Kalidindi and Linda S. Schadler},
  doi                      = {10.1063/1.366072},
  language                 = {english},
  number                   = {5},
  pages                    = {2595--2602},
  volume                   = {82},
  year                     = {1997},
  journal                  = {J.~Appl. Phys.},
  publisher                = {{AIP} Publishing}
}

@Article{Anastassakis1990,
  title                    = {Piezo-Raman measurements and anharmonic parameters in silicon and diamond},
  author                   = {Evangelos Anastassakis and Andres Cantarero and Manuel Cardona},
  doi                      = {10.1103/physrevb.41.7529},
  language                 = {english},
  number                   = {11},
  pages                    = {7529--7535},
  volume                   = {41},
  year                     = {1990},
  journal                  = {Phys. Rev. B},
  publisher                = {American Physical Society ({APS})}
}

@Article{DeWolf1999,
  title                    = {Stress measurements in Si microelectronics devices using Raman spectroscopy},
  author                   = {Ingrid {De Wolf}},
  doi                      = {10.1002/(SICI)1097-4555(199910)30:10<877::AID-JRS464>3.0.CO;2-5},
  issn                     = {1097-4555},
  language                 = {english},
  number                   = {10},
  pages                    = {877--883},
  volume                   = {30},
  year                     = {1999},
  journal                  = {Journal of Raman Spectroscopy},
  publisher                = {John Wiley \& Sons, Ltd.}
}

@Article{Naka2015,
  title                    = {Micro-Raman spectroscopic analysis of single crystal silicon microstructures for surface stress mapping},
  author                   = {Nobuyuki Naka and Shinsuke Kashiwagi and Yuji Nagai and Takahiro Namazu},
  doi                      = {10.7567/jjap.54.106601},
  language                 = {english},
  number                   = {10},
  pages                    = {{106601-1}--{106601-8}},
  volume                   = {54},
  year                     = {2015},
  journal                  = {Jpn.~J.~Appl. Phys.},
  publisher                = {Japan Society of Applied Physics}
}

@Article{DeWolf1996integcirc,
  title                    = {Micro-Raman spectroscopy to study local mechanical stress in silicon integrated circuits},
  author                   = {Ingrid {De Wolf}},
  doi                      = {10.1088/0268-1242/11/2/001},
  language                 = {english},
  number                   = {2},
  pages                    = {139--154},
  volume                   = {11},
  year                     = {1996},
  journal                  = {Semiconductor Science and Technology},
  publisher                = {{IOP} Publishing}
}

@Article{DeWolf2015relation,
  title                    = {Relation between Raman frequency and triaxial stress in Si for surface and cross-sectional experiments in microelectronics components},
  author                   = {Ingrid {De Wolf}},
  doi                      = {10.1063/1.4927133},
  eid                      = {053101},
  language                 = {english},
  number                   = {5},
  pages                    = {{053101-1}--{053101-17}},
  volume                   = {118},
  year                     = {2015},
  journal                  = {J.~Appl. Phys.}
}

@Article{Sadaba2006CompositionalGradients,
  title                    = {An Investigation of Residual Stress Effects due to the Anodic Bonding of Glass and Silicon in {MEMS} Fabrication},
  author                   = {I\~{n}aki Sadaba and Fox, Colin H. J. and Stewart McWilliam},
  doi                      = {10.4028/www.scientific.net/amm.5-6.501},
  language                 = {english},
  pages                    = {501--508},
  volume                   = {5--6},
  year                     = {2006},
  journal                  = {Applied Mechanics and Materials},
  publisher                = {Trans Tech Publications}
}

@Article{Inzinga2012_infrared_characterization,
  title                    = {Characterization and Control of Residual Stress and Curvature in Anodically Bonded Devices and Substrates with Etched Features},
  author                   = {Inzinga, R. A. and Lin, {T}ung-{W}ei and Manish Yadav and Harley T. Johnson and Horn, Gavin P.},
  doi                      = {10.1007/s11340-011-9528-6},
  issn                     = {0014-4851},
  language                 = {english},
  number                   = {6},
  pages                    = {637--648},
  volume                   = {52},
  year                     = {2012},
  journal                  = {Experimental Mechanics},
  keywords                 = {Residual stress; MEMS; Anodic bonding; Infrared photoelastic stress analysis; Silicon inspection},
  publisher                = {Springer US}
}

@Article{Rogers1992considerations,
  title                    = {Considerations of anodic bonding for capacitive type silicon/glass sensor fabrication},
  author                   = {Rogers, Tony},
  doi                      = {10.1088/0960-1317/2/3/008},
  language                 = {english},
  number                   = {3},
  pages                    = {164--166},
  volume                   = {2},
  year                     = {1992},
  journal                  = {J. Micromech. Microeng.},
  publisher                = {{IOP} Publishing}
}

@Article{Khomenko1996pyrex,
  title                    = {Технологические возможности использования стекла «Пирекс» в сварных узлах полупроводниковых датчиков},
  author                   = {Хоменко, Николай Николаевич},
  language                 = {russian},
  number                   = {7},
  pages                    = {33--35},
  year                     = {1996},
  journal                  = {Автоматическая сварка}
}

@Article{Khomenko1990physprocess,
  title                    = {О некоторых физических процессах при сварке кремния со стеклом в электрическом поле},
  author                   = {Хоменко, Николай Николаевич},
  language                 = {russian},
  number                   = {3},
  pages                    = {27--31},
  year                     = {1990},
  journal                  = {Автоматическая сварка}
}

@Article{Khomenko1982useglassproperties,
  title                    = {Использование свойств стекла в процессе соединения его с~кремнием во~внешнем электрическом поле},
  author                   = {Хоменко, Николай Николаевич},
  issue                    = {Сер.~6. вып.~2~(163)},
  language                 = {russian},
  pages                    = {61--64},
  year                     = {1982},
  journal                  = {Электронная техника}
}

@Thesis{bitkina2013_avtoref,
  title                    = {Разработка метода расчета напряженно-деформированного состояния многослойных пластин из волокнистых композиционных материалов с учетом технологических факторов},
  address                  = {Самара},
  author                   = {Биткина, Ольга Владимировна},
  school                   = {Самарский гос. техн. ун-т},
  type                     = {phdautoref},
  year                     = {2013},
  language                 = {russian},
  major                    = {техн.\ наук},
  majorcode                = {01.02.04},
  pagetotal                = {18}
}

@Article{Srikar2003critreview,
  title                    = {A critical review of microscale mechanical testing methods used in the design of microelectromechanical systems},
  author                   = {Srikar, V. T. and Spearing, S. M.},
  doi                      = {10.1007/bf02410522},
  language                 = {english},
  number                   = {3},
  pages                    = {238--247},
  volume                   = {43},
  year                     = {2003},
  journal                  = {Experimental Mechanics}
}

@Thesis{djachkov2000_avtoref,
  title                    = {Разработка и исследование технологических процессов анодного сращивания полупроводниковых структур},
  address                  = {М.},
  author                   = {Дьячков, Сергей Александрович},
  school                   = {Моск. гос. ин-т электронной техники},
  type                     = {phdautoref},
  year                     = {2000},
  language                 = {russian},
  major                    = {техн.\ наук},
  majorcode                = {05.27.06},
  pagetotal                = {25}
}

@Thesis{belogorohov2014_dis,
  title                    = {Оптические и транспортные свойства металлорганических композитных материалов на основе полимерных молекул и функциональных примесей, включающих мелкодисперсные порошки и гетероциклические молекулы},
  address                  = {М.},
  author                   = {Белогорохов, Иван Александрович},
  type                     = {docthesis},
  year                     = {2014},
  institution              = {Нац. исслед. ун-т МИЭТ},
  language                 = {russian},
  major                    = {физ.-мат.\ наук},
  majorcode                = {01.04.07},
  pagetotal                = {298}
}

@Thesis{matuzov2008_avtoref,
  title                    = {Технология структур «карбид кремния-кремний» для приборов микроэлектроники и микросистемной техники},
  address                  = {Санкт-Петербург},
  author                   = {Матузов, Антон Викторович},
  type                     = {phdautoref},
  year                     = {2008},
  language                 = {russian},
  major                    = {техн.\ наук},
  majorcode                = {05.27.06},
  pagetotal                = {16}
}

@Thesis{ushkov2008_avtoref,
  title                    = {Разработка конструктивно-технологических методов производства кремниевых чувствительных элементов давления с повышенной стойкостью к перегрузкам},
  address                  = {М.},
  author                   = {Ушков, Александр Викторович},
  type                     = {phdautoref},
  year                     = {2008},
  language                 = {russian},
  major                    = {техн.\ наук},
  majorcode                = {05.27.06},
  pagetotal                = {16}
}

@Thesis{pshchelko2011_avtoref,
  title                    = {Электрофизические методы неразрушающего контроля и формирования металлодиэлектрических структур},
  address                  = {Санкт-Петербург},
  author                   = {Пщелко, Николай Сергеевич},
  type                     = {docautoref},
  year                     = {2011},
  language                 = {russian},
  major                    = {техн.\ наук},
  majorcode                = {05.11.13, 05.27.06},
  pagetotal                = {40}
}

@comment{jabref-meta: selector_author:}

@comment{jabref-meta: selector_journal:}

@comment{jabref-meta: selector_keywords:Layered material;Stress relaxation;Thermomechanical processes;Viscoelastic material;Warping;}

@comment{jabref-meta: selector_langid:english;russian;}

@comment{jabref-meta: selector_language:english;russian;}

@comment{jabref-meta: selector_publisher:}

@comment{jabref-entrytype: Mvcollection: req[editor;title;year/date;language] opt[subtitle;titleaddon;volumes;series;location;editora;editorb;editorc;translator;annotator;commentator;introduction;foreword;afterword;origlanguage;edition; number;note;publisher;isbn;pagetotal;addendum;pubstate;doi;eprint;eprintclass;eprinttype;url;urldate]}

